@misc{hesso-latextemplate-pa,
	author = {Julmy, Sylvain and Demierre, Marc},
	title = {HES-SO Latex Template PA},
	year = {2015-2016}
}

@misc{wiki-vhdl,
    author = {Wikipedia},
    title = {VHDL},
    year = {2016},
    url = "\url{https://en.wikipedia.org/wiki/VHDL}",
    note = {Online; accessed 05.10.2016}
}

@misc{github-spinalhdl,
    author = {Charles Papon},
    title = {SpinalHDL : About SpinalHDL},
    year = {2016},
    url = "\url{https://github.com/SpinalHDL/SpinalHDL}",
    note = {Online; accessed 05.10.2016}
}

@misc{graphstream,
    author = {The GraphStream Team},
    title = {GraphStream : a Dynamic Graph Library},
    year = {2015},
    url = "\url{http://graphstream-project.org/}",
    note = {Online; accessed on 09.10.2016}
}
