@misc{hesso-latextemplate-pa,
	author = {Julmy, Sylvain and Demierre, Marc},
	title = {HES-SO Latex Template PA},
	year = {2015-2016}
}

@misc{github-spinalhdl,
    author = {Charles Papon},
    title = {SpinalHDL},
    year = {2016}
}
